@misc{ernstinfo8003,
    title={Optimal sequential decision making for complex problems},
    author={Damien Ernst},
    url={http://blogs.ulg.ac.be/damien-ernst/wp-content/uploads/sites/9/2020/02/RL-1.pdf}
}

@misc{rozet2021suboptimality,
    title={Suboptimality of stationary policies},
    author={Fran√ßois Rozet},
    url={http://blogs.ulg.ac.be/damien-ernst/wp-content/uploads/sites/9/2021/02/suboptimality_bound_proof-1.pdf}
}

@misc{ernstinfo8003qfunctions,
    title={Advanced algorithms for learning Q-functions.},
    author={Sergey Levine and Damien Ernst},
    url={http://blogs.ulg.ac.be/damien-ernst/wp-content/uploads/sites/9/2018/02/More-on-Q-Learning.pdf}
}

@article{kingma2014adam,
    title={Adam: A method for stochastic optimization},
    author={Kingma, Diederik P and Ba, Jimmy},
    journal={arXiv preprint arXiv:1412.6980},
    year={2014}
}
