@misc{ernstinfo8003,
    title={Optimal sequential decision making for complex problems},
    author={Damien Ernst},
    url={http://blogs.ulg.ac.be/damien-ernst/wp-content/uploads/sites/9/2020/02/RL-1.pdf}
}

@misc{rozet2021suboptimality,
    title={Suboptimality of stationary policies},
    author={François Rozet},
    url={http://blogs.ulg.ac.be/damien-ernst/wp-content/uploads/sites/9/2021/02/suboptimality_bound_proof-1.pdf}
}

@misc{ernstinfo8003qfunctions,
    title={Advanced algorithms for learning Q-functions.},
    author={Sergey Levine and Damien Ernst},
    url={http://blogs.ulg.ac.be/damien-ernst/wp-content/uploads/sites/9/2018/02/More-on-Q-Learning.pdf}
}

@article{kingma2014adam,
    title={Adam: A method for stochastic optimization},
    author={Kingma, Diederik P and Ba, Jimmy},
    journal={arXiv preprint arXiv:1412.6980},
    year={2014}
}

@article{hasselt2010double,
    title={Double Q-learning},
    author={Hasselt, Hado},
    journal={Advances in neural information processing systems},
    volume={23},
    pages={2613--2621},
    year={2010},
    publisher={Citeseer}
}

@article{mnih2015human,
    title={Human-level control through deep reinforcement learning},
    author={Mnih, Volodymyr and Kavukcuoglu, Koray and Silver, David and Rusu, Andrei A and Veness, Joel and Bellemare, Marc G and Graves, Alex and Riedmiller, Martin and Fidjeland, Andreas K and Ostrovski, Georg and others},
    journal={nature},
    volume={518},
    number={7540},
    pages={529--533},
    year={2015},
    publisher={Nature Publishing Group}
}

@article{mnih2013playing,
    title={Playing atari with deep reinforcement learning},
    author={Mnih, Volodymyr and Kavukcuoglu, Koray and Silver, David and Graves, Alex and Antonoglou, Ioannis and Wierstra, Daan and Riedmiller, Martin},
    journal={arXiv preprint arXiv:1312.5602},
    year={2013}
}

@article{simonyan2014very,
    title={Very deep convolutional networks for large-scale image recognition},
    author={Simonyan, Karen and Zisserman, Andrew},
    journal={arXiv preprint arXiv:1409.1556},
    year={2014}
}

@article{krizhevsky2012imagenet,
    title={Imagenet classification with deep convolutional neural networks},
    author={Krizhevsky, Alex and Sutskever, Ilya and Hinton, Geoffrey E},
    journal={Advances in neural information processing systems},
    volume={25},
    pages={1097--1105},
    year={2012}
}

@techreport{lin1993reinforcement,
    title={Reinforcement learning for robots using neural networks},
    author={Lin, Long-Ji},
    year={1993},
    institution={Carnegie-Mellon Univ Pittsburgh PA School of Computer Science}
}

@article{maree2007random,
    title={Random subwindows and extremely randomized trees for image classification in cell biology},
    author={Mar{\'e}e, Rapha{\"e}l and Geurts, Pierre and Wehenkel, Louis},
    journal={BMC Cell Biology},
    volume={8},
    number={1},
    pages={1--12},
    year={2007},
    publisher={BioMed Central}
}

@inproceedings{bosch2007image,
    title={Image classification using random forests and ferns},
    author={Bosch, Anna and Zisserman, Andrew and Munoz, Xavier},
    booktitle={2007 IEEE 11th international conference on computer vision},
    pages={1--8},
    year={2007},
    organization={Ieee}
}

@article{ernst2006reinforcement,
  title={Reinforcement learning with raw image pixels as state input},
  author={Ernst, D and Mar{\'e}e, R and Wehenkel, L},
  year={2006}
}

@misc{rozet2020adopptrs,
    title={Automatic Detection Of Photovoltaic Panels Through Remote Sensing},
    author={François Rozet},
    url={https://github.com/francois-rozet/adopptrs}
}

@inproceedings{sha2020end,
    title={End-to-end camera calibration for broadcast videos},
    author={Sha, Long and Hobbs, Jennifer and Felsen, Panna and Wei, Xinyu and Lucey, Patrick and Ganguly, Sujoy},
    booktitle={Proceedings of the IEEE/CVF Conference on Computer Vision and Pattern Recognition},
    pages={13627--13636},
    year={2020}
}

@inproceedings{ronneberger2015u,
    title={U-net: Convolutional networks for biomedical image segmentation},
    author={Ronneberger, Olaf and Fischer, Philipp and Brox, Thomas},
    booktitle={International Conference on Medical image computing and computer-assisted intervention},
    pages={234--241},
    year={2015},
    organization={Springer}
}

@article{mccallum1997reinforcement,
  title={Reinforcement learning with selective perception and hidden state},
  author={McCallum, R},
  year={1997}
}