@misc{ernstinfo8003,
    title={Optimal sequential decision making for complex problems},
    author={Damien Ernst},
    url={http://blogs.ulg.ac.be/damien-ernst/wp-content/uploads/sites/9/2020/02/RL-1.pdf}
}
